@article{analisis,
  title={Agriculture IoT Market: Report},
  author={Mao, Shiwen and Bushmitch, Dennis and Narayanan, Sathya and Panwar, Shivendra S},
  url={https://www.marketsandmarkets.com/Market-Reports/iot-in-agriculture-market-199564903.html},
  year={2020},
  publisher={Markets And Markets},
  journal={Markets And Markets: Global Forecast to 2024}
}